<record><leader>00000cas a22000007a 4500</leader><controlfield tag="001">14195689</controlfield><controlfield tag="008">860909d19151920iauir ne      0    0eng d</controlfield><datafield ind1=" " ind2=" " tag="010"><subfield code="a">sn 86061087 </subfield></datafield><datafield ind1=" " ind2=" " tag="040"><subfield code="a">INP</subfield><subfield code="b">eng</subfield><subfield code="c">INP</subfield><subfield code="d">OCLCQ</subfield></datafield><datafield ind1=" " ind2=" " tag="042"><subfield code="a">msc</subfield></datafield><datafield ind1="0" ind2=" " tag="130"><subfield code="a">Catholic tribune (Dubuque, Iowa : 1915)</subfield></datafield><datafield ind1="1" ind2="4" tag="245"><subfield code="a">The Catholic tribune.</subfield></datafield><datafield ind1=" " ind2=" " tag="260"><subfield code="a">Dubuque, Iowa :</subfield><subfield code="b">Catholic Print. Co.,</subfield><subfield code="c">1915-1920.</subfield></datafield><datafield ind1=" " ind2=" " tag="300"><subfield code="a">5 v. :</subfield><subfield code="b">ill.</subfield></datafield><datafield ind1=" " ind2=" " tag="310"><subfield code="a">Triweekly,</subfield><subfield code="b">Feb. 14, 1919-June 28, 1920</subfield></datafield><datafield ind1=" " ind2=" " tag="321"><subfield code="a">Semiweekly,</subfield><subfield code="b">Nov. 7, 1915-Feb. 12, 1919</subfield></datafield><datafield ind1="0" ind2=" " tag="362"><subfield code="a">Vol. 1, no. 1 (Nov. 7, 1915)-v. 5, no. 557 (June 28, 1920).</subfield></datafield><datafield ind1=" " ind2=" " tag="752"><subfield code="a">United States</subfield><subfield code="b">Iowa</subfield><subfield code="c">Dubuque</subfield><subfield code="d">Dubuque.</subfield></datafield><datafield ind1="0" ind2=" " tag="775"><subfield code="t">Catholic tribune (Dubuque, Iowa : 1899)</subfield><subfield code="w">(DLC)sn 83045007</subfield></datafield><datafield ind1="0" ind2="0" tag="785"><subfield code="t">Daily American tribune</subfield><subfield code="w">(DLC)sn 86061088</subfield></datafield></record>